<record><leader>00000cas a2200000 a 4500</leader><controlfield tag="001">74906210</controlfield><controlfield tag="007">hd afb---bucu</controlfield><controlfield tag="007">hd bfb---bubu</controlfield><controlfield tag="008">061103d18741878wauwr nea     0    0eng c</controlfield><datafield ind1=" " ind2=" " tag="010"><subfield code="a">  2006252925</subfield></datafield><datafield ind1=" " ind2=" " tag="040"><subfield code="a">WAU</subfield><subfield code="b">eng</subfield><subfield code="c">WAU</subfield><subfield code="d">OCLCQ</subfield><subfield code="d">OCLCF</subfield><subfield code="d">OCLCA</subfield><subfield code="d">OCL</subfield></datafield><datafield ind1=" " ind2=" " tag="042"><subfield code="a">pcc</subfield></datafield><datafield ind1=" " ind2=" " tag="043"><subfield code="a">n-us-wa</subfield></datafield><datafield ind1="0" ind2=" " tag="130"><subfield code="a">Dayton news (Dayton, Wash.)</subfield></datafield><datafield ind1="1" ind2="4" tag="245"><subfield code="a">The Dayton news</subfield><subfield code="h">[microform].</subfield></datafield><datafield ind1="1" ind2=" " tag="246"><subfield code="i">Some issues have title:</subfield><subfield code="a">Dayton weekly news</subfield></datafield><datafield ind1=" " ind2=" " tag="260"><subfield code="a">Dayton, W.T. [Wash.] :</subfield><subfield code="b">J. Kerby</subfield></datafield><datafield ind1=" " ind2=" " tag="300"><subfield code="a">v.</subfield></datafield><datafield ind1=" " ind2=" " tag="310"><subfield code="a">Weekly</subfield></datafield><datafield ind1="1" ind2=" " tag="362"><subfield code="a">Began in 1874; ceased in 1878.</subfield></datafield><datafield ind1=" " ind2=" " tag="515"><subfield code="a">Frequent numbering and date errors.</subfield></datafield><datafield ind1=" " ind2=" " tag="588"><subfield code="a">Description based on: Vol. 1, no. 1 (Jan 15, 1876).</subfield></datafield><datafield ind1=" " ind2=" " tag="588"><subfield code="a">Latest issue consulted: Vol. 3, no. 6 (Mar. 29, 1878).</subfield></datafield><datafield ind1=" " ind2=" " tag="533"><subfield code="a">Microfilm.</subfield><subfield code="b">[Seattle, Wash.] :</subfield><subfield code="c">Filmed by University of Washington Library.</subfield><subfield code="e">2 microfilm reels ; 35 mm.</subfield><subfield code="n">Filmed with: Dayton weekly news.</subfield></datafield><datafield ind1=" " ind2="0" tag="651"><subfield code="a">Dayton (Columbia County, Wash.)</subfield><subfield code="v">Newspapers.</subfield></datafield><datafield ind1=" " ind2="7" tag="651"><subfield code="a">Washington (State)</subfield><subfield code="z">Dayton (Columbia County)</subfield><subfield code="2">fast</subfield><subfield code="0">(OCoLC)fst01231693</subfield></datafield><datafield ind1=" " ind2="7" tag="655"><subfield code="a">Newspapers.</subfield><subfield code="2">fast</subfield><subfield code="0">(OCoLC)fst01423814</subfield></datafield><datafield ind1=" " ind2=" " tag="752"><subfield code="a">United States</subfield><subfield code="b">Washington</subfield><subfield code="c">Columbia</subfield><subfield code="d">Dayton.</subfield></datafield><datafield ind1="1" ind2=" " tag="776"><subfield code="c">Original</subfield><subfield code="w">(DLC)sn 87093103</subfield><subfield code="w">(OCoLC)17019806</subfield></datafield><datafield ind1="0" ind2="0" tag="785"><subfield code="t">Dayton weekly news</subfield><subfield code="w">(DLC)  2006252926</subfield></datafield><datafield ind1="1" ind2=" " tag="029"><subfield code="a">AU@</subfield><subfield code="b">000041034228</subfield></datafield></record>